@ARTICLE{Jha2017693,
	author={Jha, S. and Seshia, S.A.},
	title={A theory of formal synthesis via inductive learning},
	journal={Acta Informatica},
	year={2017},
	volume={54},
	number={7},
	pages={693-726},
	doi={10.1007/s00236-017-0294-5}
	}

@ARTICLE{Braazdil201498,
	author={Bra{\'a}zdil, T. and Chatterjee, K. and Chmel{\'i}k, M. and Forejt, V. and K\v{r}et{\'i}nsk{\'y}y, J. and Kwiatkowska, M. and Parker, D. and Ujma, M.},
	title={Verification of markov decision processes using learning algorithms},
	journal={Lecture Notes in Computer Science (including subseries Lecture Notes in Artificial Intelligence and Lecture Notes in Bioinformatics)},
	year={2014},
	volume={8837},
	pages={98-114}
}

@ARTICLE{Bortolussi2015323,
	author={Bortolussi, L. and Milios, D. and Sanguinetti, G.},
	title={Machine learning methods in statistical model checking and system design -- tutorial},
	journal={Lecture Notes in Computer Science (including subseries Lecture Notes in Artificial Intelligence and Lecture Notes in Bioinformatics)},
	year={2015},
	volume={9333},
	pages={323-341},
	doi={10.1007/978-3-319-23820-3_23}
	}

@article{BUCCAFURRI199957,
	title = "Enhancing model checking in verification by AI techniques",
	journal = "Artificial Intelligence",
	volume = "112",
	number = "1",
	pages = "57 - 104",
	year = "1999",
	issn = "0004-3702",
	doi = "https://doi.org/10.1016/S0004-3702(99)00039-9",
	author = "Francesco Buccafurri and Thomas Eiter and Georg Gottlob and Nicola Leone"
}

@book{lunze_lamnabhi-lagarrigue_2009, 
	title={Handbook of Hybrid Systems Control: Theory, Tools, Applications},
	author={Lunze, J. and Lamnabhi-Lagarrigue, F.},
	isbn={9780521765053},
	lccn={2009035001},
	year={2009},
	publisher={Cambridge University Press}
}

@InProceedings{Fisher2014,
	author="Fisher, Amit
	and Jacobson, Clas A.
	and Lee, Edward A.
	and Murray, Richard M.
	and Sangiovanni-Vincentelli, Alberto
	and Scholte, Eelco",
	title="Industrial Cyber-Physical Systems -- iCyPhy",
	booktitle="Complex Systems Design {\&} Management",
	year="2014",
	pages="21--37",
	isbn="978-3-319-02812-5",
	doi="10.1007/978-3-319-02812-5_2"
}


@article{Jhala:2009:SMC:1592434.1592438,
	author = {Jhala, Ranjit and Majumdar, Rupak},
	title = {Software Model Checking},
	journal = {ACM Comput. Surv.},
	issue_date = {October 2009},
	volume = {41},
	number = {4},
	month = oct,
	year = {2009},
	issn = {0360-0300},
	pages = {21:1--21:54},
	articleno = {21},
	numpages = {54},
	doi = {10.1145/1592434.1592438}
} 


@inproceedings{EsmaeilZadehSoudjani17,
 author = {Esmaeil Zadeh Soudjani, Sadegh and Majumdar, Rupak},
 title = {Controller Synthesis for Reward Collecting Markov Processes in Continuous Space},
 booktitle = {Proceedings of the 20th International Conference on Hybrid Systems: Computation and Control},
 series = {HSCC '17},
 year = {2017},
 isbn = {978-1-4503-4590-3},
 location = {Pittsburgh, Pennsylvania, USA},
 pages = {45--54},
 numpages = {10},
 doi = {10.1145/3049797.3049827}
 } 

@book{moore1966interval,
  title={Interval analysis},
  author={Moore, Ramon E},
  volume={4},
  year={1966},
  publisher={Prentice-Hall}
}

@inproceedings{Bradley13,
  author    = {Zyad Hassan and
               Aaron R. Bradley and
               Fabio Somenzi},
  title     = {Better generalization in {IC3}},
  booktitle = {Formal Methods in Computer-Aided Design, {FMCAD} 2013, Portland,
OR, USA, October 20-23, 2013},
  pages     = {157--164},
  year      = {2013},
}

@inproceedings{Bradley12,
  year={2012},
  isbn={978-3-642-31423-0},
  booktitle={Computer Aided Verification},
  volume={7358},
  series={Lecture Notes in Computer Science},
  title={{IC3} and beyond: Incremental, Inductive Verification},
  publisher={Springer Berlin Heidelberg},
  author={Bradley, AaronR.},
  pages={4-4},
}


@inproceedings{DBLP:conf/asplos/Solar-LezamaTBSS06,
  author    = {Armando Solar{-}Lezama and
               Liviu Tancau and
               Rastislav Bod{\'{\i}}k and
               Sanjit A. Seshia and
               Vijay A. Saraswat},
  title     = {Combinatorial sketching for finite programs},
  booktitle = {ASPLOS},
  pages     = {404--415},
  year      = {2006}
}

@ARTICLE{Nilsson16, 
author={P. Nilsson and O. Hussien and A. Balkan and Y. Chen and A. D. Ames and J. W. Grizzle and N. Ozay and H. Peng and P. Tabuada}, 
journal={IEEE Transactions on Control Systems Technology}, 
title={Correct-by-Construction Adaptive Cruise Control: Two Approaches}, 
year={2016}, 
volume={24}, 
number={4}, 
pages={1294-1307}, 
doi={10.1109/TCST.2015.2501351}, 
ISSN={1063-6536}, 
month={July},}

@inproceedings{Prabhakar17,
 author = {Prabhakar, Pavithra and Garc\'{\i}a Soto, Miriam},
 title = {Formal Synthesis of Stabilizing Controllers for Switched Systems},
 booktitle = {Proceedings of the 20th International Conference on Hybrid Systems: Computation and Control},
 series = {HSCC '17},
 year = {2017},
 isbn = {978-1-4503-4590-3},
 location = {Pittsburgh, Pennsylvania, USA},
 pages = {111--120},
 numpages = {10},
 doi = {10.1145/3049797.3049822}
 } 


@article{Ames17,
title = "First steps toward formal controller synthesis for bipedal robots with experimental implementation",
journal = "Nonlinear Analysis: Hybrid Systems",
volume = "25",
number = "",
pages = "155 - 173",
year = "2017",
note = "",
issn = "1751-570X",
doi = "10.1016/j.nahs.2017.01.002",
author = "Aaron D. Ames and Paulo Tabuada and Austin Jones and Wen-Loong Ma and Matthias Rungger and Bastian Sch√ºrmann and Shishir Kolathaya and Jessy W. Grizzle"
}

@article{Zamani15,
title = "Symbolic models for stochastic switched systems: A discretization and a discretization-free approach",
journal = "Automatica",
volume = "55",
number = "",
pages = "183 - 196",
year = "2015",
note = "",
issn = "0005-1098",
doi = "10.1016/j.automatica.2015.03.004",
author = "Majid Zamani and Alessandro Abate and Antoine Girard"
}

@Article{Hasuo17,
author="Hasuo, Ichiro",
title="Metamathematics for Systems Design",
journal="New Generation Computing",
year="2017",
month="Jul",
day="01",
volume="35",
number="3",
pages="271--305",
issn="1882-7055",
doi="10.1007/s00354-017-0023-1"
}

@ARTICLE{Li14, 
author={T. Li and F. Tan and Q. Wang and L. Bu and J. N. Cao and X. Liu}, 
journal={IEEE Transactions on Parallel and Distributed Systems}, 
title={From Offline toward Real Time: A Hybrid Systems Model Checking and CPS Codesign Approach for Medical Device Plug-and-Play Collaborations}, 
year={2014}, 
volume={25}, 
number={3}, 
pages={642-652}, 
doi={10.1109/TPDS.2013.50}, 
ISSN={1045-9219}, 
month={March}}

@incollection{Aerts17,
title = "Model-Based Testing of Cyber-Physical Systems ",
editor = "Song, Houbing and Rawat, Danda B. and Jeschke, Sabina  and Brecher, Christian ",
booktitle = "Cyber-Physical Systems ",
publisher = "Academic Press",
edition = "",
address = "Boston",
year = "2017",
pages = "287 - 304",
series = "Intelligent Data-Centric Systems",
isbn = "978-0-12-803801-7",
doi = "10.1016/B978-0-12-803801-7.00019-5"
}

@inproceedings{Zhang14,
  author    = {Yu Zhang and
               Yunwei Dong and
               Fei Xie},
  title     = {Bounded Model Checking of Hybrid Automata Pushdown System},
  booktitle = {2014 14th International Conference on Quality Software, Allen, TX,
               USA, October 2-3, 2014},
  pages     = {190--195},
  year      = {2014},
  publisher = {{IEEE}},
  address   = {https://doi.org/10.1109/QSIC.2014.36},
  doi       = {10.1109/QSIC.2014.36}
}

@inproceedings{Simko14,
 author = {Simko, Gabor and Jackson, Ethan K.},
 title = {A Bounded Model Checking Tool for Periodic Sample-hold Systems},
 booktitle = {Proceedings of the 17th International Conference on Hybrid Systems: Computation and Control},
 series = {HSCC '14},
 year = {2014},
 isbn = {978-1-4503-2732-9},
 location = {Berlin, Germany},
 pages = {157--162},
 numpages = {6},
 doi = {10.1145/2562059.2562134}
} 

@inproceedings{Sanwal13,
 author = {Sanwal, Muhammad Usman and Hasan, Osman},
 title = {Formal Verification of Cyber-physical Systems: Coping with Continuous Elements},
 booktitle = {Proceedings of the 13th International Conference on Computational Science and Its Applications - Volume 1},
 series = {ICCSA'13},
 series    = {LNCS},
 volume    = {7971},
 publisher = {Springer},
 year = {2013},
 isbn = {978-3-642-39636-6},
 location = {Ho Chi Minh City, Vietnam},
 pages = {358--371},
 numpages = {14},
 doi = {10.1007/978-3-642-39637-3_29}
} 

@INPROCEEDINGS{Lee13, 
author={H. Y. Lee}, 
booktitle={International Conference on Parallel and Distributed Systems}, 
title={Towards Model Checking of Simulation Models for Embedded System Development}, 
year={2013}, 
pages={452-453}, 
doi={10.1109/ICPADS.2013.81}, 
ISSN={1521-9097}, 
month={Dec},}

@INPROCEEDINGS{Sadigh14, 
author={D. Sadigh and E. S. Kim and S. Coogan and S. S. Sastry and S. A. Seshia}, 
booktitle={53rd IEEE Conference on Decision and Control}, 
title={A learning based approach to control synthesis of Markov decision processes for linear temporal logic specifications}, 
publisher = {{IEEE}},
year={2014}, 
pages={1091-1096}, 
doi={10.1109/CDC.2014.7039527}, 
ISSN={0191-2216}, 
month={Dec},}

@inproceedings{Jha10,
 author = {Jha, Susmit and Gulwani, Sumit and Seshia, Sanjit A. and Tiwari, Ashish},
 title = {Synthesizing Switching Logic for Safety and Dwell-time Requirements},
 booktitle = {Proceedings of the 1st ACM/IEEE International Conference on Cyber-Physical Systems},
 series = {ICCPS '10},
 year = {2010},
 isbn = {978-1-4503-0066-7},
 location = {Stockholm, Sweden},
 pages = {22--31},
 numpages = {10},
 doi = {10.1145/1795194.1795198}
} 


@ARTICLE{Seshia17, 
author={S. A. Seshia and S. Hu and W. Li and Q. Zhu}, 
journal={IEEE Transactions on Computer-Aided Design of Integrated Circuits and Systems}, 
title={Design Automation of Cyber-Physical Systems: Challenges, Advances, and Opportunities}, 
year={2017}, 
volume={PP}, 
number={99}, 
pages={1-1}, 
doi={10.1109/TCAD.2016.2633961}, 
ISSN={0278-0070}, 
month={},}

@ARTICLE{AydinGol14, 
author={E. Aydin Gol and M. Lazar and C. Belta}, 
journal={IEEE Transactions on Automatic Control}, 
title={Language-Guided Controller Synthesis for Linear Systems}, 
year={2014}, 
volume={59}, 
number={5}, 
pages={1163-1176}, 
ISSN={0018-9286}, 
month={May},}

@inproceedings{Rungger13,
 author = {Rungger, Matthias and Mazo,Jr., Manuel and Tabuada, Paulo},
 title = {Specification-guided Controller Synthesis for Linear Systems and Safe Linear-time Temporal Logic},
 booktitle = {Proceedings of the 16th International Conference on Hybrid Systems: Computation and Control},
 series = {HSCC '13},
publisher = {ACM},
 year = {2013},
 isbn = {978-1-4503-1567-8},
 location = {Philadelphia, Pennsylvania, USA},
 pages = {333--342},
 numpages = {10},
 doi = {10.1145/2461328.2461378}
} 

@article{Zamani13,
title = "Backstepping controller synthesis and characterizations of incremental stability",
journal = "Systems \& Control Letters",
volume = "62",
number = "10",
pages = "949 - 962",
year = "2013",
note = "",
issn = "0167-6911",
doi = "10.1016/j.sysconle.2013.07.002",
author = "Majid Zamani and Nathan van de Wouw and Rupak Majumdar"
}

@article{Zamani14,
title = "Approximately bisimilar symbolic models for randomly switched stochastic systems",
journal = "Systems \& Control Letters",
volume = "69",
number = "",
pages = "38 - 46",
year = "2014",
note = "",
issn = "0167-6911",
doi = "10.1016/j.sysconle.2014.04.003",
author = "Majid Zamani and Alessandro Abate",
}

@ARTICLE{Zamani17, 
author={M. Zamani and M. Arcak}, 
journal={IEEE Transactions on Control of Network Systems}, 
title={Compositional abstraction for networks of control systems: A dissipativity approach}, 
year={2017}, 
volume={PP}, 
number={99}, 
pages={1-1}, 
doi={10.1109/TCNS.2017.2670330}, 
ISSN={2325-5870}, 
month={},}

@INPROCEEDINGS{Holub16, 
author={O. Holub and M. Zamani and A. Abate}, 
booktitle={2016 European Control Conference (ECC)}, 
title={Efficient HVAC controls: A symbolic approach}, 
year={2016}, 
pages={1159-1164}, 
doi={10.1109/ECC.2016.7810446}, 
month={June},}

@article{Lesser15,
title = "Controller Synthesis for Probabilistic Safety Specifications using Observers**This work is supported in part by the European Commission IAPP project AMBI 324432, and by the John Fell Oxford University Press(OUP) Research Fund.",
journal = "IFAC-PapersOnLine",
volume = "48",
number = "27",
pages = "329 - 334",
year = "2015",
note = "Analysis and Design of Hybrid Systems ADHS",
issn = "2405-8963",
doi = "10.1016/j.ifacol.2015.11.196",
author = "Kendra Lesser and Alessandro Abate"
}

@ARTICLE{Tabuada08, 
author={P. Tabuada}, 
journal={IEEE Transactions on Automatic Control}, 
title={An Approximate Simulation Approach to Symbolic Control}, 
year={2008}, 
volume={53}, 
number={6}, 
pages={1406-1418}, 
doi={10.1109/TAC.2008.925824}, 
ISSN={0018-9286}, 
month={July},}

@ARTICLE{Zamani12, 
author={M. Zamani and G. Pola and M. Mazo and P. Tabuada}, 
journal={IEEE Transactions on Automatic Control}, 
title={Symbolic Models for Nonlinear Control Systems Without Stability Assumptions}, 
year={2012}, 
volume={57}, 
number={7}, 
pages={1804-1809}, 
doi={10.1109/TAC.2011.2176409}, 
ISSN={0018-9286}, 
month={July},}

@ARTICLE{Daafouz02, 
author={J. Daafouz and P. Riedinger and C. Iung}, 
journal={IEEE Transactions on Automatic Control}, 
title={Stability analysis and control synthesis for switched systems: a switched Lyapunov function approach}, 
year={2002}, 
volume={47}, 
number={11}, 
pages={1883-1887}, 
doi={10.1109/TAC.2002.804474}, 
ISSN={0018-9286}, 
month={Nov}}

@ARTICLE{Habets06, 
author={L. C. G. J. M. Habets and P. J. Collins and J. H. van Schuppen}, 
journal={IEEE Transactions on Automatic Control}, 
title={Reachability and control synthesis for piecewise-affine hybrid systems on simplices}, 
year={2006}, 
volume={51}, 
number={6}, 
pages={938-948}, 
doi={10.1109/TAC.2006.876952}, 
ISSN={0018-9286}, 
month={June},}

@article{Alkhatib17,
title = "Stability verification and timing contract synthesis for linear impulsive systems using reachability analysis",
journal = "Nonlinear Analysis: Hybrid Systems",
volume = "25",
number = "",
pages = "211 - 226",
year = "2017",
note = "",
issn = "1751-570X",
doi = "10.1016/j.nahs.2016.08.007",
author = "Mohammad Al Khatib and Antoine Girard and Thao Dang",
}

@Article{Dallal17,
author="Dallal, Eric
and Colombo, Alessandro
and Del Vecchio, Domitilla
and Lafortune, St{\'e}phane",
title="Supervisory control for collision avoidance in vehicular networks using discrete event abstractions",
journal="Discrete Event Dynamic Systems",
year="2017",
month="Mar",
day="01",
volume="27",
number="1",
pages="1--44",
issn="1573-7594",
doi="10.1007/s10626-016-0228-3"
}

@INPROCEEDINGS{Dallal13, 
author={E. Dallal and A. Colombo and D. Del Vecchio and S. Lafortune}, 
booktitle={52nd IEEE Conference on Decision and Control}, 
title={Supervisory control for collision avoidance in vehicular networks with imperfect measurements}, 
year={2013}, 
pages={6298-6303}, 
doi={10.1109/CDC.2013.6760885}, 
ISSN={0191-2216}, 
month={Dec},}

@article{Girard13,
title = "Low-complexity quantized switching controllers using approximate bisimulation",
journal = "Nonlinear Analysis: Hybrid Systems",
volume = "10",
number = "",
pages = "34 - 44",
year = "2013",
note = "Special Issue related to IFAC Conference on Analysis and Design of Hybrid Systems (ADHS 12)",
issn = "1751-570X",
doi = "10.1016/j.nahs.2013.02.001",
}

@ARTICLE{Reissig17, 
author={G. Reissig and A. Weber and M. Rungger}, 
journal={IEEE Transactions on Automatic Control}, 
title={Feedback Refinement Relations for the Synthesis of Symbolic Controllers}, 
year={2017}, 
volume={62}, 
number={4}, 
pages={1781-1796}, 
doi={10.1109/TAC.2016.2593947}, 
ISSN={0018-9286}, 
month={April},}

@inproceedings{Raman15,
 author = {Raman, Vasumathi and Donz{\'e}, Alexandre and Sadigh, Dorsa and Murray, Richard M. and Seshia, Sanjit A.},
 title = {Reactive Synthesis from Signal Temporal Logic Specifications},
 booktitle = {Proceedings of the 18th International Conference on Hybrid Systems: Computation and Control},
 series = {HSCC '15},
 year = {2015},
 isbn = {978-1-4503-3433-4},
 location = {Seattle, Washington},
 pages = {239--248},
 numpages = {10},
 doi = {10.1145/2728606.2728628}
 } 

@inproceedings{Ghosh16,
 author = {Ghosh, Shromona and Sadigh, Dorsa and Nuzzo, Pierluigi and Raman, Vasumathi and Donz{\'e}, Alexandre and Sangiovanni-Vincentelli, Alberto L. and Sastry, S. Shankar and Seshia, Sanjit A.},
 title = {Diagnosis and Repair for Synthesis from Signal Temporal Logic Specifications},
 booktitle = {Proceedings of the 19th International Conference on Hybrid Systems: Computation and Control},
 series = {HSCC '16},
 year = {2016},
 isbn = {978-1-4503-3955-1},
 location = {Vienna, Austria},
 pages = {31--40},
 numpages = {10},
 doi = {10.1145/2883817.2883847}
 } 

@inproceedings{Donze12,
 author = {Donz{\'e}, Alexandre and Maler, Oded and Bartocci, Ezio and Nickovic, Dejan and Grosu, Radu and Smolka, Scott},
 title = {On Temporal Logic and Signal Processing},
 booktitle = {Proceedings of the 10th International Conference on Automated Technology for Verification and Analysis},
 series = {ATVA'12},
 year = {2012},
 isbn = {978-3-642-33385-9},
 location = {Thiruvananthapuram, India},
 pages = {92--106},
 numpages = {15},
 doi = {10.1007/978-3-642-33386-6_9}
 } 


@Inbook{Maler04,
author="Maler, Oded
and Nickovic, Dejan",
editor="Lakhnech, Yassine
and Yovine, Sergio",
title="Monitoring Temporal Properties of Continuous Signals",
bookTitle="Formal Techniques, Modelling and Analysis of Timed and Fault-Tolerant Systems: Joint International Conferences on Formal Modeling and Analysis of Timed Systmes, FORMATS 2004, and Formal Techniques in Real-Time and Fault -Tolerant Systems, FTRTFT 2004, Grenoble, France, September 22-24, 2004. Proceedings",
year="2004",
publisher="Springer Berlin Heidelberg",
address="Berlin, Heidelberg",
pages="152--166",
isbn="978-3-540-30206-3",
doi="10.1007/978-3-540-30206-3_12"
}

@inproceedings{Ravanbakhsh15,
 author = {Ravanbakhsh, Hadi and Sankaranarayanan, Sriram},
 title = {Counterexample-guided Stabilization of Switched Systems Using Control Lyapunov Functions},
 booktitle = {Proceedings of the 18th International Conference on Hybrid Systems: Computation and Control},
 series = {HSCC '15},
 year = {2015},
 isbn = {978-1-4503-3433-4},
 location = {Seattle, Washington},
 pages = {297--298},
 numpages = {2},
 doi = {10.1145/2728606.2728647}
 } 

@inproceedings{Ravanbakhsh16,
 author = {Ravanbakhsh, Hadi and Sankaranarayanan, Sriram},
 title = {Robust Controller Synthesis of Switched Systems Using Counterexample Guided Framework},
 booktitle = {Proceedings of the 13th International Conference on Embedded Software},
 series = {EMSOFT '16},
 year = {2016},
 isbn = {978-1-4503-4485-2},
 location = {Pittsburgh, Pennsylvania},
 pages = {8:1--8:10},
 articleno = {8},
 numpages = {10},
 doi = {10.1145/2968478.2968485}
} 

@article{Tripakis11,
 author = {Tripakis, Stavros and Lickly, Ben and Henzinger, Thomas A. and Lee, Edward A.},
 title = {A Theory of Synchronous Relational Interfaces},
 journal = {ACM Trans. Program. Lang. Syst.},
 issue_date = {July 2011},
 volume = {33},
 number = {4},
 month = jul,
 year = {2011},
 issn = {0164-0925},
 pages = {14:1--14:41},
 articleno = {14},
 numpages = {41},
 doi = {10.1145/1985342.1985345}
} 

@inproceedings{AbateBCCCDKKP17,
  author    = {Alessandro Abate and
               Iury Bessa and
               Dario Cattaruzza and
               Lennon Chaves and
               Lucas C. Cordeiro and
               Cristina David and
               Pascal Kesseli and
               Daniel Kroening and
               Elizabeth Polgreen},
  title     = {DSSynth: an automated digital controller synthesis tool for physical
               plants},
  booktitle = {Proceedings of the 32nd {IEEE/ACM} International Conference on Automated
               Software Engineering, {ASE} 2017, Urbana, IL, USA, October 30 - November
               03, 2017},
  pages     = {919--924},
  year      = {2017},
  doi       = {10.1109/ASE.2017.8115705}
}

@inproceedings{abatecav2017,
   author = {{Abate}, A. and {Bessa}, I. and {Cattaruzza}, D. and {Cordeiro}, L. and 
	{David}, C. and {Kesseli}, P. and {Kroening}, D. and {Polgreen}, E.
	},
    title = "{Automated Formal Synthesis of Digital Controllers for State-Space Physical Plants}",
    booktitle = {CAV},
   pages     = {462-‚Äì482},
   series    = {LNCS},
   volume    = {10426},
   year = {2017}
}

@inproceedings{RienerKFB16,
  author    = {Heinz Riener and
               Robert K{\"{o}}nighofer and
               G{\"{o}}rschwin Fey and
               Roderick Bloem},
  title     = {SMT-Based {CPS} Parameter Synthesis},
  booktitle = {ARCH@CPSWeek 2016, 3rd International Workshop on Applied Verification
               for Continuous and Hybrid Systems, Vienna, Austria},
  pages     = {126--133},
  year      = {2016}
  }

@inproceedings{Clarke11,
 author = {Clarke, Edmund M. and Zuliani, Paolo},
 title = {Statistical Model Checking for Cyber-physical Systems},
 booktitle = {Proceedings of the 9th International Conference on Automated Technology for Verification and Analysis},
 series = {ATVA'11},
 year = {2011},
 isbn = {978-3-642-24371-4},
 location = {Taipei, Taiwan},
 pages = {1--12},
 numpages = {12},
}

@Inbook{Phan2014,
author="Phan, Anh-Dung
and Hansen, Michael R.
and Madsen, Jan",
editor="Iida, Shusaku and Meseguer, Jos{\'e} and Ogata, Kazuhiro",
title="{EHRA:} Specification and Analysis of Energy-Harvesting Wireless Sensor Networks",
bookTitle="Specification, Algebra, and Software: Essays Dedicated to Kokichi Futatsugi",
year="2014",
publisher="Springer Berlin Heidelberg",
address="Berlin, Heidelberg",
pages="520--540",
isbn="978-3-642-54624-2",
doi="10.1007/978-3-642-54624-2_26"
}

@INPROCEEDINGS{Junjie12, 
author={T. Junjie and Z. Jianjun and D. Jianwan and C. Liping and X. Gang and G. Bin and Y. Mengfei}, 
booktitle={6th International Conference on Software Security and Reliability Companion}, 
title={Cyber-physical systems modeling method based on Modelica}, 
year={2012}, 
pages={188-191}, 
doi={10.1109/SERE-C.2012.49}, 
month={June},}

@INPROCEEDINGS{Nakajima12, 
author={S. Nakajima and S. Furukawa and Y. Ueda}, 
booktitle={International Conference on Embedded and Real-Time Computing Systems and Applications}, 
title={Co-analysis of SysML and Simulink Models for Cyber-Physical Systems Design}, 
year={2012}, 
pages={473-478}, 
doi={10.1109/RTCSA.2012.22}, 
ISSN={2325-1271}, 
month={Aug},}

@inproceedings{Platzer07,
 author = {Platzer, Andr{\'e}},
 title = {Differential Dynamic Logic for Verifying Parametric Hybrid Systems},
 booktitle = {Proceedings of the 16th International Conference on Automated Reasoning with Analytic Tableaux and Related Methods},
 series = {TABLEAUX '07},
 year = {2007},
 isbn = {978-3-540-73098-9},
 location = {Aix en Provence, France},
 pages = {216--232},
 numpages = {17},
 doi = {10.1007/978-3-540-73099-6_17}
} 

@book{Nipkow02,
 author = {Nipkow, Tobias and Wenzel, Markus and Paulson, Lawrence C.},
 title = {{Isabelle/HOL}: A Proof Assistant for Higher-order Logic},
 year = {2002},
 isbn = {3-540-43376-7},
 publisher = {Springer-Verlag},
 address = {Berlin, Heidelberg}
} 


@phdthesis{Phan15,
  author       = {Anh-Dung Phan}, 
  title        = {Modelling and Analysis for Cyber-Physical Systems: An SMT-based approach},
  school       = {Technical University of Denmark (DTU},
  year         = {2015}
}

@INPROCEEDINGS{Fiore17, 
author={G. Fiore and Y. H. Chang and Q. Hu and M. D. Di Benedetto and C. J. Tomlin}, 
booktitle={American Control Conference (ACC)}, 
title={Secure state estimation for Cyber Physical Systems with sparse malicious packet drops}, 
year={2017}, 
pages={1898-1903}, 
doi={10.23919/ACC.2017.7963229}, 
month={May},}

@book{tabuada2009verification,
  title={Verification and Control of Hybrid Systems: A Symbolic Approach},
  author={Tabuada, P.},
  isbn={9781441902245},
  lccn={2009926478},
  year={2009},
  publisher={Springer US}
}

@ARTICLE{Prajna07, 
author={S. Prajna and A. Jadbabaie and G. J. Pappas}, 
journal={IEEE Transactions on Automatic Control}, 
title={A Framework for Worst-Case and Stochastic Safety Verification Using Barrier Certificates}, 
year={2007}, 
volume={52}, 
number={8}, 
pages={1415-1428}, 
doi={10.1109/TAC.2007.902736}, 
ISSN={0018-9286}, 
month={Aug},}

@Inbook{Prajna04,
author="Prajna, Stephen
and Jadbabaie, Ali",
editor="Alur, Rajeev
and Pappas, George J.",
title="Safety Verification of Hybrid Systems Using Barrier Certificates",
bookTitle="Hybrid Systems: Computation and Control: 7th International Workshop, HSCC 2004, Philadelphia, PA, USA, March 25-27, 2004. Proceedings",
year="2004",
publisher="Springer Berlin Heidelberg",
address="Berlin, Heidelberg",
pages="477--492",
isbn="978-3-540-24743-2",
doi="10.1007/978-3-540-24743-2_32",
}

@inproceedings{Alur11,
 author = {Alur, Rajeev},
 title = {Formal Verification of Hybrid Systems},
 booktitle = {Proceedings of the 9th ACM International Conference on Embedded Software},
 series = {EMSOFT '11},
 year = {2011},
 isbn = {978-1-4503-0714-7},
 location = {Taipei, Taiwan},
 pages = {273--278},
 numpages = {6},
 doi = {10.1145/2038642.2038685}
} 


@ARTICLE{TrindadeDAES2016,
author={Trindade, A.B. and Cordeiro, L.C.},
title={Applying {SMT}-based verification to hardware/software partitioning in embedded systems},
journal={DES AUTOM EMBED SYST},
year={2016},
volume={20},
number={1},
pages={1-19}
}

@INPROCEEDINGS{Rahman13, 
author={M. A. Rahman and Q. Duan and E. Al-Shaer}, 
booktitle={International Conference on Cyber-Physical Systems (ICCPS)}, 
title={Energy efficient navigation management for hybrid electric vehicles on highways}, 
year={2013}, 
pages={21-30}, 
doi={10.1145/2502524.2502528}, 
month={April},}

@INPROCEEDINGS{Duggirala2015,
author={P. S. Duggirala and M. Viswanathan},
booktitle={IEEE Real-Time Systems Symposium},
title={Analyzing Real Time Linear Control Systems Using Software Verification},
year={2015},
pages={216-226},
doi={10.1109/RTSS.2015.28},
ISSN={1052-8725},
month={Dec},}

@inproceedings{Anta10,
 author = {Anta, Adolfo and Majumdar, Rupak and Saha, Indranil and Tabuada, Paulo},
 title = {Automatic Verification of Control System Implementations},
 booktitle = {Proceedings of the Tenth ACM International Conference on Embedded Software},
 series = {EMSOFT '10},
 year = {2010},
 isbn = {978-1-60558-904-6},
 location = {Scottsdale, Arizona, USA},
 pages = {9--18},
 numpages = {10},
 doi = {10.1145/1879021.1879024}
} 

@ARTICLE{Paul14, 
author={T. Paul and J. W. Kimball and M. Zawodniok and T. P. Roth and B. McMillin and S. Chellappan}, 
journal={IEEE Transactions on Smart Grid}, 
title={Unified Invariants for Cyber-Physical Switched System Stability}, 
year={2014}, 
volume={5}, 
number={1}, 
pages={112-120}, 
doi={10.1109/TSG.2013.2283171}, 
ISSN={1949-3053}, 
month={Jan},}

@article{BenSassi12,
 author = {Ben Sassi, Mohamed Amin and Girard, Antoine},
 title = {Computation of Polytopic Invariants for Polynomial Dynamical Systems Using Linear Programming},
 journal = {Automatica},
 volume = {48},
 number = {12},
 month = dec,
 year = {2012},
 issn = {0005-1098},
 pages = {3114--3121},
 numpages = {8},
 doi = {10.1016/j.automatica.2012.08.014}
} 


@INPROCEEDINGS{Li16_2, 
author={Y. Li and J. Liu}, 
booktitle={Conference on Computer Aided Control System Design (CACSD)}, 
title={Computing maximal invariant sets for switched nonlinear systems}, 
year={2016}, 
pages={862-867}, 
doi={10.1109/CACSD.2016.7602547}, 
month={Sept},}

@INPROCEEDINGS{Li16, 
author={Y. Li and J. Liu}, 
booktitle={55th Conference on Decision and Control (CDC)}, 
title={An interval analysis approach to invariance control synthesis for discrete-time switched systems}, 
year={2016}, 
pages={6388-6394}, 
doi={10.1109/CDC.2016.7799252}, 
month={Dec},}

@INPROCEEDINGS{Rungger13b, 
author={M. Rungger and P. Tabuada}, 
booktitle={52nd IEEE Conference on Decision and Control}, 
title={A symbolic approach to the design of robust cyber-physical systems}, 
year={2013}, 
pages={3932-3937}, 
doi={10.1109/CDC.2013.6760490}, 
ISSN={0191-2216}, 
month={Dec},}

@ARTICLE{Ye98, 
author={Hui Ye and A. N. Michel and Ling Hou}, 
journal={IEEE Transactions on Automatic Control}, 
title={Stability theory for hybrid dynamical systems}, 
year={1998}, 
volume={43}, 
number={4}, 
pages={461-474}, 
doi={10.1109/9.664149}, 
ISSN={0018-9286}, 
month={Apr},}

@ARTICLE{Petreczky10, 
author={M. Petreczky and J. H. van Schuppen}, 
journal={IEEE Transactions on Automatic Control}, 
title={Realization Theory for Linear Hybrid Systems}, 
year={2010}, 
volume={55}, 
number={10}, 
pages={2282-2297}, 
doi={10.1109/TAC.2010.2044258}, 
ISSN={0018-9286}, 
month={Oct},}

@article{Petreczky07,
title = "Realization theory for linear switched systems: Formal power series approach",
journal = "Systems \& Control Letters",
volume = "56",
number = "9",
pages = "588 - 595",
year = "2007",
note = "",
issn = "0167-6911",
doi = "10.1016/j.sysconle.2007.04.006",
author = "Mih{\'a}ly Petreczky",
}


@ARTICLE{Bicchi02, 
author={A. Bicchi and A. Marigo and B. Piccoli}, 
journal={IEEE Transactions on Automatic Control}, 
title={On the reachability of quantized control systems}, 
year={2002}, 
volume={47}, 
number={4}, 
pages={546-563}, 
doi={10.1109/9.995034}, 
ISSN={0018-9286}, 
month={Apr},}

@ARTICLE{bhattacharyya, 
author={L. H. Keel and S. P. Bhattacharyya}, 
journal={IEEE Transactions on Automatic Control}, 
title={Robust, fragile, or optimal?}, 
year={1997}, 
volume={42}, 
number={8}, 
pages={1098-1105}, 
doi={10.1109/9.618239}, 
ISSN={0018-9286}, 
month={Aug},}

@Inbook{Keel01,
author="Keel, Lee H.
and Bhattacharyya, Shankar P.",
editor="Istepanian, Robert S. H.
and Whidborne, James F.",
title="Stability Margins and Digital Implementation of Controllers",
bookTitle="Digital Controller Implementation and Fragility: A Modern Perspective",
year="2001",
publisher="Springer London",
address="London",
pages="13--24",
isbn="978-1-4471-0265-6",
doi="10.1007/978-1-4471-0265-6_2",
}


@Article{Tabuada07,
author="Tabuada, Paulo",
title="Symbolic models for control systems",
journal="Acta Informatica",
year="2007",
month="Feb",
day="01",
volume="43",
number="7",
pages="477--500",
issn="1432-0525",
doi="10.1007/s00236-006-0036-6",
}



@ARTICLE{Tabuada14, 
author={P. Tabuada and S. Y. Caliskan and M. Rungger and R. Majumdar}, 
journal={IEEE Transactions on Automatic Control}, 
title={Towards Robustness for Cyber-Physical Systems}, 
year={2014}, 
volume={59}, 
number={12}, 
pages={3151-3163}, 
doi={10.1109/TAC.2014.2351632}, 
ISSN={0018-9286}, 
month={Dec},}

@inproceedings{DBLP:conf/cav/HuangKWW17,
  author    = {Xiaowei Huang and
               Marta Kwiatkowska and
               Sen Wang and
               Min Wu},
  title     = {Safety Verification of Deep Neural Networks},
  booktitle = {{CAV}},
  series    = {LNCS},
  volume    = {10426},
  pages     = {3--29},
  year      = {2017}
}

@inproceedings{DBLP:conf/kbse/KroeningPSW16,
  author    = {Daniel Kroening and
               Daniel Poetzl and
               Peter Schrammel and
               Bj{\"{o}}rn Wachter},
  title     = {Sound static deadlock analysis for C/Pthreads},
  booktitle = {{ASE}},
  pages     = {379--390},
  year      = {2016}
}

@article{DBLP:journals/cca/AbrahamA0BBBCDE16,
  author    = {Erika {\'{A}}brah{\'{a}}m and
               John Abbott and
               Bernd Becker and
               Anna Maria Bigatti and
               Martin Brain and
               Bruno Buchberger and
               Alessandro Cimatti and
               James H. Davenport and
               Matthew England and
               Pascal Fontaine and
               Stephen Forrest and
               Alberto Griggio and
               Daniel Kroening and
               Werner M. Seiler and
               Thomas Sturm},
  title     = {Satisfiability checking and symbolic computation},
  journal   = {{ACM} Comm. Computer Algebra},
  volume    = {50},
  number    = {4},
  pages     = {145--147},
  year      = {2016},
  url       = {http://doi.acm.org/10.1145/3055282.3055285},
  doi       = {10.1145/3055282.3055285},
  timestamp = {Wed, 14 Jun 2017 20:32:55 +0200},
  biburl    = {http://dblp.uni-trier.de/rec/bib/journals/cca/AbrahamA0BBBCDE16},
  bibsource = {dblp computer science bibliography, http://dblp.org}
}

@inproceedings{DBLP:conf/cav/KatzBDJK17,
  author    = {Guy Katz and
               Clark W. Barrett and
               David L. Dill and
               Kyle Julian and
               Mykel J. Kochenderfer},
  title     = {Reluplex: An Efficient {SMT} Solver for Verifying Deep Neural Networks},
  booktitle = {{CAV}},
  series    = {LNCS},
  volume    = {10426},
  pages     = {97--117},
  year      = {2017}
}

@inproceedings{McMillan03,
  author    = {Kenneth L. McMillan},
  title     = {Interpolation and SAT-Based Model Checking},
  booktitle = {CAV},
  year      = {2003},
  pages     = {1-13},
  series    = {LNCS},
  volume    = {2725}
}

@inproceedings{McMillan05,
  author    = {Kenneth L. McMillan},
  title     = {Applications of Craig Interpolants in Model Checking},
  booktitle = {TACAS},
  year      = {2005},
  pages     = {1-12},
  series    = {LNCS},
  volume    = {3440}
}

@article{PrasadBG05,
  author    = {Mukul R. Prasad and
               Armin Biere and
               Aarti Gupta},
  title     = {A survey of recent advances in {SAT}-based formal verification},
  journal   = {STTT},
  volume    = {7},
  number    = {2},
  year      = {2005},
  pages     = {156-173},
  ee        = {http://dx.doi.org/10.1007/s10009-004-0183-4},
  bibsource = {DBLP, http://dblp.uni-trier.de}
}

@inproceedings{Lafferriere99,
 author = {Lafferriere, Gerardo and Pappas, George J. and Yovine, Sergio},
 title = {A New Class of Decidable Hybrid Systems},
 booktitle = {Hybrid Systems: Computation and Control},
 series = {HSCC '99},
 year = {1999},
 isbn = {3-540-65734-7},
 pages = {137--151},
 numpages = {15},
 acmid = {710437},
 publisher = {Springer-Verlag},
 address = {London, UK, UK}
} 


@Inbook{Kesten1993,
author="Kesten, Y.
and Pnueli, A.
and Sifakis, J.
and Yovine, S.",
editor="Grossman, Robert L.
and Nerode, Anil
and Ravn, Anders P.
and Rischel, Hans",
title="Integration Graphs: A class of decidable hybrid systems",
bookTitle="Hybrid Systems",
year="1993",
publisher="Springer Berlin Heidelberg",
address="Berlin, Heidelberg",
pages="179--208",
isbn="978-3-540-48060-0",
doi="10.1007/3-540-57318-6_29",
}



@Inbook{Broucke1997,
author="Broucke, M.
and Varaiya, P.",
editor="Antsaklis, Panos
and Kohn, Wolf
and Nerode, Anil
and Sastry, Shankar",
title="Decidability of hybrid systems with linear and nonlinear differential inclusions",
bookTitle="Hybrid Systems IV",
year="1997",
publisher="Springer Berlin Heidelberg",
address="Berlin, Heidelberg",
pages="77--92",
isbn="978-3-540-69523-3",
doi="10.1007/BFb0031556",
}



@inproceedings{Henzinger95NL,
 author = {Henzinger, Thomas A. and Ho, Pei-Hsin},
 title = {Algorithmic Analysis of Nonlinear Hybrid Systems},
 booktitle = {Computer Aided Verification},
 year = {1995},
 isbn = {3-540-60045-0},
 pages = {225--238},
 numpages = {14},
 acmid = {735689},
 publisher = {Springer-Verlag},
 address = {London, UK, UK}
} 

@article{Veanes09,
author = {Veanes, Margus and Bjorner, Nikolaj and Gurevich, Yuri and Schulte, Wolfram},
title = {Symbolic Bounded Model Checking of Abstract State Machines},
booktitle = {},
year = {2009},
month = {June},
publisher = {},
address = {},
pages = {149-170},
journal = {Int J Software Informatics},
volume = {3/2-3},
chapter = {},
isbn = {},
}

@ARTICLE{Rungger16, 
author={M. Rungger and P. Tabuada}, 
journal={IEEE Transactions on Automatic Control}, 
title={A Notion of Robustness for Cyber-Physical Systems}, 
year={2016}, 
volume={61}, 
number={8}, 
pages={2108-2123}, 
doi={10.1109/TAC.2015.2492438}, 
ISSN={0018-9286}, 
month={Aug},}

@article{Girard11,
title = "Approximate Bisimulation: A Bridge Between Computer Science and Control Theory",
journal = "European Journal of Control",
volume = "17",
number = "5",
pages = "568 - 578",
year = "2011",
note = "",
issn = "0947-3580",
doi = "http://dx.doi.org/10.3166/ejc.17.568-578",
author = "Antoine Girard and George J. Pappas",
}

@article{Pola03,
title = "Stochastic Hybrid Models: An Overview",
journal = "IFAC Proceedings Volumes",
volume = "36",
number = "6",
pages = "45 - 50",
year = "2003",
note = "IFAC Conference on Analysis and Design of Hybrid Systems",
issn = "1474-6670",
doi = "10.1016/S1474-6670(17)36405-4",
author = "G. Pola and M.L. Bujorianu and J. Lygeros and M.D. Di Benedetto",
}

@Inbook{Ghosh05,
author="Ghosh, Mrinal K.
and Bagchi, Arunabha",
editor="Cagnol, John
and Zol{\'e}sio, Jean-Paul",
title="Modeling Stochastic Hybrid Systems",
bookTitle="21st IFIP Conference on System Modeling and Optimization",
year="2005",
publisher="Springer US",
address="Boston, MA",
pages="269--280",
isbn="978-0-387-23467-0",
doi="10.1007/0-387-23467-5_19",
}


@ARTICLE{Julius09, 
author={A. A. Julius and G. J. Pappas}, 
journal={IEEE Transactions on Automatic Control}, 
title={Approximations of Stochastic Hybrid Systems}, 
year={2009}, 
volume={54}, 
number={6}, 
pages={1193-1203}, 
doi={10.1109/TAC.2009.2019791}, 
ISSN={0018-9286}, 
month={June},}

@inproceedings{Alur93,
 author = {Alur, Rajeev and Courcoubetis, Costas and Henzinger, Thomas A. and Ho, Pei-Hsin},
 title = {Hybrid Automata: An Algorithmic Approach to the Specification and Verification of Hybrid Systems},
 booktitle = {Hybrid Systems},
 year = {1993},
 isbn = {3-540-57318-6},
 pages = {209--229},
 numpages = {21},
 acmid = {709849},
 publisher = {Springer-Verlag},
 address = {London, UK, UK}
} 


@inproceedings{Puri94,
 author = {Puri, Anuj and Varaiya, Pravin},
 title = {Decidability of Hybrid Systems with Rectangular Differential Inclusion},
 booktitle = {Computer Aided Verification},
 series = {CAV '94},
 year = {1994},
 isbn = {3-540-58179-0},
 pages = {95--104},
 numpages = {10},
 acmid = {735659},
 publisher = {Springer-Verlag},
 address = {London, UK, UK},
}

@inproceedings{Henzinger95,
 author = {Henzinger, Thomas A. and Kopke, Peter W. and Puri, Anuj and Varaiya, Pravin},
 title = {What's Decidable About Hybrid Automata?},
 booktitle = {27th Annual ACM Symposium on Theory of Computing},
 series = {STOC '95},
 year = {1995},
 isbn = {0-89791-718-9},
 location = {Las Vegas, Nevada, USA},
 pages = {373--382},
 numpages = {10},
 doi = {10.1145/225058.225162},
 acmid = {225162},
 publisher = {ACM},
 address = {New York, NY, USA}
} 

@article{Alur94,
 author = {Alur, Rajeev and Dill, David L.},
 title = {A Theory of Timed Automata},
 journal = {Theor. Comput. Sci.},
 issue_date = {April 25, 1994},
 volume = {126},
 number = {2},
 month = apr,
 year = {1994},
 issn = {0304-3975},
 pages = {183--235},
 numpages = {53},
 doi = {10.1016/0304-3975(94)90010-8},
 acmid = {180519},
 publisher = {Elsevier Science Publishers Ltd.},
 address = {Essex, UK}
} 


@ARTICLE{Alur00, 
author={R. Alur and T. A. Henzinger and G. Lafferriere and G. J. Pappas}, 
journal={Proceedings of the IEEE}, 
title={Discrete abstractions of hybrid systems}, 
year={2000}, 
volume={88}, 
number={7}, 
pages={971-984}, 
doi={10.1109/5.871304}, 
ISSN={0018-9219}, 
month={July},}

@book{Kopetz11,
  title={Real-Time Systems: Design Principles for Distributed Embedded Applications},
  author={Kopetz, H.},
  isbn={9781441982377},
  series={Real-Time Systems Series},
  year={2011},
  publisher={Springer US}
}

@article{xu15,
title = "Hierarchical energy management system for multi-source multi-product microgrids",
journal = "Renewable Energy",
volume = "78",
number = "",
pages = "621 - 630",
year = "2015",
note = "",
issn = "0960-1481",
doi = "10.1016/j.renene.2015.01.039",
author = "Xiandong Xu and Hongjie Jia and Dan Wang and David C. Yu and Hsiao-Dong Chiang",
}

@INPROCEEDINGS{leeCPS,
author={Lee, Edward A.},
booktitle={11th IEEE International Symposium on Object Oriented Real-Time Distributed Computing},
title={Cyber Physical Systems: Design Challenges},
year={2008},
month={},
pages={363-369},
doi={10.1109/ISORC.2008.25},}

@article{leeCPS2,
title = "The Past, Present and Future of Cyber-Physical Systems: A Focus on Models",
journal = "Sensors",
volume = "3",
number = "15",
pages = "4837-4869",
year = "2015",
note = "",
issn = "1424-8220",
doi = "10.3390/s150304837",
author = "Edward A. Lee",
}

@incollection{groza2015formal,
  title={A formal approach for identifying assurance deficits in unmanned aerial vehicle software},
  author={Groza, Adrian and Letia, Ioan Alfred and Goron, Anca and Zaporojan, Sergiu},
  booktitle={Progress in Systems Engineering},
  pages={233--239},
  year={2015},
  publisher={Springer}
}

@INPROCEEDINGS{Cordeiro09, 
author={L. Cordeiro and B. Fischer and H. Chen and J. Marques-Silva}, 
booktitle={International Conference on Embedded Software and Systems}, 
title={Semiformal Verification of Embedded Software in Medical Devices Considering Stringent Hardware Constraints}, 
year={2009}, 
pages={396-403},  
doi={10.1109/ICESS.2009.82}, 
month={May},}

@inproceedings {munir,
author = {Sirajum Munir and John A. Stankovic and Chieh-Jan Mike Liang and Shan Lin},
title = {Cyber Physical System Challenges for Human-in-the-Loop Control},
booktitle = {8th International Workshop on Feedback Computing},
year = {2013},
address = {San Jose, CA},
publisher = {{USENIX}},
}

@inproceedings{Abate17,
 author = {Abate, Alessandro
                and Bessa, Iury
                and Cattaruzza, Dario
                and Lucas, Cordeiro
                and David, Cristina
                and Kesseli, Pascal
                and Kroening, Daniel },
 title = {Sound and Automated Synthesis of Digital Stabilizing Controllers for Continuous Plants},
 booktitle = {20th ACM International Conference on Hybrid Systems: Computation and Control (HSCC)},
 year = {2017},
 pages = {197-206}
}



@article{Bessa17,
  author    = {Iury Bessa and
               Hussama Ismail and
               Reinaldo Palhares and
			   Lucas Cordeiro and
			   Jo{\~{a}}o Edgar Chaves Filho},
  title     = {Formal Non-Fragile Stability Verification of Digital Control Systems with Uncertainty},
  journal   = {{IEEE} Transactions on Computers},
  volume    = {66},
  number    = {3},
  year      = {2017},
  doi = {10.1109/TC.2016.2601328},
}

@inproceedings{ldd,
 author = {Witkowski, Thomas and Blanc, Nicolas and Kroening, Daniel and Weissenbacher, Georg},
 title = {Model Checking Concurrent Linux Device Drivers},
 booktitle = {22nd IEEE/ACM International Conference on Automated Software Engineering},
 series = {ASE '07},
 year = {2007},
 isbn = {978-1-59593-882-4},
 location = {Atlanta, Georgia, USA},
 pages = {501--504},
 numpages = {4},
 doi = {10.1145/1321631.1321719},
 acmid = {1321719},
 publisher = {ACM},
 address = {New York, NY, USA}
} 

@book{mlembe,
 author = {Virtanen, Seppo and Virtanen, Seppo},
 title = {Advancing Embedded Systems and Real-Time Communications with Emerging Technologies},
 year = {2014},
 isbn = {1466660341, 9781466660342},
 edition = {1st},
 publisher = {IGI Global},
 address = {Hershey, PA, USA}
} 

@inproceedings{Kroening15,
 author = {Kroening, Daniel and Liang, Lihao and Melham, Tom and Schrammel, Peter and Tautschnig, Michael},
 title = {Effective Verification of Low-level Software with Nested Interrupts},
 booktitle = {Design, Automation \& Test in Europe Conference \& Exhibition},
 series = {DATE '15},
 year = {2015},
 isbn = {978-3-9815370-4-8},
 location = {Grenoble, France},
 pages = {229--234},
 numpages = {6},
 acmid = {2755803},
 publisher = {EDA Consortium},
 address = {San Jose, CA, USA},
 doi = {10.7873/DATE.2015.0360}
}


@article{cudalucas,
  author    = {Felipe R. Monteiro and
				Erickson Alves and
				Isabela Silva and
				Hussama Ismail and 
				Lucas Cordeiro and
				Eddie Lima Filho},
  title     = {ESBMC-GPU A Context-Bounded Model Checking Tool to Verify CUDA Programs},
  journal   = {Science of Computer Programming},
  volume    = {xx},
  number    = {y},
  year      = {2017},
}

@Article{stochmodel,
author="Bargmann, H.",
title="The role of stochastic modelling in engineering science",
journal="Acta Mechanica",
year="1997",
month="Mar",
day="01",
volume="125",
number="1",
pages="63--71",
issn="1619-6937",
doi="10.1007/BF01177299",
}

@ARTICLE{Shoukry, 
author={Y. Shoukry and P. Nuzzo and A. Puggelli and A. L. Sangiovanni-Vincentelli and S. A. Seshia and P. Tabuada}, 
journal={IEEE Transactions on Automatic Control}, 
title={Secure State Estimation for Cyber Physical Systems Under Sensor Attacks: A Satisfiability Modulo Theory Approach}, 
year={2017}, 
volume={PP}, 
number={99}, 
pages={1-1}, 
keywords={Heuristic algorithms;Noise measurement;Process control;Scalability;Semiconductor device measurement;State estimation;Upper bound}, 
doi={10.1109/TAC.2017.2676679}, 
ISSN={0018-9286}, 
month={},}

@inproceedings{cpsattack,
 author = {Liu, Yao and Ning, Peng and Reiter, Michael K.},
 title = {False Data Injection Attacks Against State Estimation in Electric Power Grids},
 booktitle = {16th ACM Conference on Computer and Communications Security},
 series = {CCS '09},
 year = {2009},
 isbn = {978-1-60558-894-0},
 location = {Chicago, Illinois, USA},
 pages = {21--32},
 numpages = {12},
 url = {http://doi.acm.org/10.1145/1653662.1653666},
 doi = {10.1145/1653662.1653666},
 acmid = {1653666},
 publisher = {ACM},
 address = {New York, NY, USA}
} 

@INPROCEEDINGS{Araujo16, 
author={R. Ara√∫jo and I. Bessa and L. C. Cordeiro and J. E. C. Filho}, 
booktitle={2016 VI Brazilian Symposium on Computing Systems Engineering (SBESC)}, 
title={{SMT}-based Verification Applied to Non-convex Optimization Problems}, 
year={2016}, 
pages={1-8}, 
doi={10.1109/SBESC.2016.010}, 
month={Nov},}

@article{ARAUJO2017,
	title = "Counterexample guided inductive optimization based on satisfiability modulo theories",
	journal = "Science of Computer Programming",
	year = "2017",
	issn = "0167-6423",
	doi = "10.1016/j.scico.2017.10.004",
	author = "Rodrigo F. Ara√∫jo and Higo F. Albuquerque and Iury V. de Bessa and Lucas C. Cordeiro and Jo√£o E. Chaves Filho"
}

@ARTICLE{Avizienis2004, 
	author={A. Avizienis and J. C. Laprie and B. Randell and C. Landwehr}, 
	journal={IEEE Transactions on Dependable and Secure Computing}, 
	title={Basic concepts and taxonomy of dependable and secure computing}, 
	year={2004}, 
	volume={1}, 
	number={1}, 
	pages={11-33}, 
	doi={10.1109/TDSC.2004.2}, 
	ISSN={1545-5971}, 
	month={Jan}}

@inproceedings{Biere99,
 author = {Biere, Armin and Cimatti, Alessandro and Clarke, Edmund M. and Zhu, Yunshan},
 title = {Symbolic Model Checking Without BDDs},
 booktitle = {5th International Conference on Tools and Algorithms for Construction and Analysis of Systems},
 series = {TACAS '99},
 year = {1999},
 isbn = {3-540-65703-7},
 pages = {193--207},
 numpages = {15},
 acmid = {691738},
 publisher = {Springer-Verlag},
 address = {London, UK},
}

@inproceedings{ckso04,
  AUTHOR    = { Clarke, Edmund
                and Kroening, Daniel
                and Strichman, Ofer
                and Ouaknine, Joel },
  TITLE     = { Completeness and Complexity of Bounded Model Checking },
  BOOKTITLE = { VMCAI },
  YEAR      = { 2004 },
  PAGES     = { 85--96 },
  ISBN      = { 3-540-20803-8 },
  SERIES    = { LNCS },
  VOLUME    = { 2937 },
}

@inproceedings{Ganai08,
  author    = {Malay K. Ganai and
               Aarti Gupta},
  title     = {Completeness in {SMT}-based {BMC} for Software Programs},
  booktitle = {DATE},
  year      = {2008},
  pages     = {831-836},
  ee        = {http://dx.doi.org/10.1109/DATE.2008.4484777}
}

@INPROCEEDINGS{handbook09, 
	author={A. Biere}, 
	booktitle={Handbook of Satisfiability}, 
	title={Bounded model checking}, 
	year={2009}, 
	publisher = {IOS Press},
	pages={457-481}}
	

@INPROCEEDINGS{BarrettSST09, 
	author={C. W. Barrett and R. Sebastiani and S. A. Seshia and C. Tinelli}, 
	booktitle={Handbook of Satisfiability}, 
	title={Satisfiability modulo theories}, 
	year={2009}, 
	publisher = {IOS Press},
	pages={825‚Äì885}}


@inproceedings{Jovanovic:2016:PK:3077629.3077648,
 author         = {Jovanovi\'{c}, Dejan and Dutertre, Bruno},
 title          = {Property-directed K-induction},
 booktitle      = {FMCAD},
 year           = {2016},
 pages          = {85--92},
 numpages       = {8},
}

@Article{Armando2009,
author="Armando, Alessandro
and Mantovani, Jacopo
and Platania, Lorenzo",
title="Bounded model checking of software using {SMT} solvers instead of {SAT} solvers",
journal="International Journal on Software Tools for Technology Transfer",
year="2009",
month="Feb",
day="01",
volume="11",
number="1",
pages="69--83",
issn="1433-2787",
doi="10.1007/s10009-008-0091-0",
}

@book{Bradley18,
 author = {Bradley, Aaron R.},
 title = {Understanding IC3},
 publisher = {ECEE Department, University of Colorado at Boulder},
 address = {Technical Report. Accessed on February 23rd 2018}
} 

@book{Bradley07,
 author = {Bradley, Aaron R. and Manna, Zohar},
 title = {The Calculus of Computation: Decision Procedures with Applications to Verification},
 year = {2007},
 isbn = {3540741127},
 publisher = {Springer-Verlag New York, Inc.},
 address = {Secaucus, NJ, USA}
} 

@techreport{Thomas01,
author = {Ball, Tom and Rajamani, Sriram},
title = {SLIC: A Specification Language for Interface Checking (of C)},
booktitle = {},
year = {2002},
month = {January},
url = {https://www.microsoft.com/en-us/research/publication/slic-a-specification-language-for-interface-checking-of-c/},
address = {},
pages = {12},
journal = {},
volume = {},
chapter = {},
isbn = {},
}

@book{Strichman08,
 author = {Kroening, Daniel and Strichman, Ofer},
 title = {Decision Procedures: An Algorithmic Point of View},
 year = {2008},
 isbn = {3540741046, 9783540741046},
 edition = {1},
 publisher = {Springer Publishing Company, Incorporated}
} 

@book{Appel97,
 author = {Appel, Andrew W.},
 title = {Modern Compiler Implementation in C: Basic Techniques},
 year = {1997},
 isbn = {0521583896},
 publisher = {Cambridge University Press},
 address = {New York, NY, USA}
} 

@Inbook{Tseitin83,
author="Tseitin, G. S.",
editor="Siekmann, J{\"o}rg H.
and Wrightson, Graham",
title="On the Complexity of Derivation in Propositional Calculus",
bookTitle="Automation of Reasoning: 2: Classical Papers on Computational Logic 1967--1970",
year="1983",
publisher="Springer Berlin Heidelberg",
address="Berlin, Heidelberg",
pages="466--483",
isbn="978-3-642-81955-1",
doi="10.1007/978-3-642-81955-1_28"
}

@Inbook{PatarinG97,
author="Patarin, Jacques
and Goubin, Louis",
editor="Han, Yongfei
and Okamoto, Tatsuaki
and Qing, Sihan",
title="Trapdoor one-way permutations and multivariate polynomials",
bookTitle="Information and Communications Security: First International Conference",
year="1997",
publisher="Springer Berlin Heidelberg",
address="Berlin, Heidelberg",
pages="356--368",
isbn="978-3-540-69628-5",
doi="10.1007/BFb0028491",
}

@Inbook{Clarke04,
author="Clarke, Edmund
and Kroening, Daniel
and Lerda, Flavio",
editor="Jensen, Kurt
and Podelski, Andreas",
title="A Tool for Checking {ANSI-C} Programs",
bookTitle="Tools and Algorithms for the Construction and Analysis of Systems: 10th International Conference",
year="2004",
publisher="Springer Berlin Heidelberg",
address="Berlin, Heidelberg",
pages="168--176",
isbn="978-3-540-24730-2",
doi="10.1007/978-3-540-24730-2_15",
}

@inproceedings{MerzFS12,
  author    = {Florian Merz and
               Stephan Falke and
               Carsten Sinz},
  title     = {{LLBMC:} Bounded Model Checking of {C} and {C++} Programs Using a
               Compiler {IR}},
  booktitle = {International Conference on Verified Software: Theories, Tools, Experiments},
  pages     = {146--161},
  year      = {2012},
  series    = {LNCS},
  volume    = {7152},
  doi       = {10.1007/978-3-642-27705-4_12}
}

@inproceedings{CordeiroF11,
  author    = {Lucas Cordeiro and
               Bernd Fischer},
  title     = {Verifying multi-threaded software using {SMT}-based context-bounded
               model checking},
  booktitle = {33rd International Conference on Software Engineering},
  pages     = {331--340},
  year      = {2011},
  doi       = {10.1145/1985793.1985839},
}

@inproceedings{Ivancic05,
 author = {Ivan\v{c}i\'{c}, Franco and Shlyakhter, Ilya and Gupta, Aarti and Ganai, Malay K.},
 title = {Model Checking C Programs Using {F-SOFT}},
 booktitle = {International Conference on Computer Design},
 series = {ICCD '05},
 year = {2005},
 isbn = {0-7695-2451-6},
 pages = {297--308},
 numpages = {12},
 doi = {10.1109/ICCD.2005.77},
 acmid = {1097556},
 publisher = {IEEE Computer Society},
 address = {Washington, DC, USA}
} 


@article{Cordeiro12,
  title 	= {{SMT}-based Bounded Model Checking for Embedded {ANSI-C} Software},
  author 	= {Cordeiro, L. and Fischer, B. and Marques-Silva, J.},
  journal 	= {{IEEE} Trans. Software Eng.},
  volume	= {38},
  number	= {4},
  pages 	= {957--974},
  year 		= {2012}
}

@article{EenS03,
  title={Temporal induction by incremental SAT solving},
  author={E{\'e}n, Niklas and S{\"o}rensson, Niklas},
  journal={Electronic Notes in Theoretical Computer Science},
  volume={89},
  number={4},
  pages={543--560},
  year={2003},
  publisher={Elsevier}
}

@inproceedings{Sheera00,
 author = {Sheeran, Mary and Singh, Satnam and St{\aa}lmarck, Gunnar},
 title = {Checking Safety Properties Using Induction and a SAT-Solver},
 booktitle = {Proceedings of the Third International Conference on Formal Methods in Computer-Aided Design},
 series = {FMCAD '00},
 year = {2000},
 isbn = {3-540-41219-0},
 pages = {108--125},
 numpages = {18},
 acmid = {683237},
 publisher = {Springer-Verlag},
 address = {London, UK, UK},
}

@ARTICLE{4610935, 
journal={{IEEE} Std 754-2008}, 
title={{IEEE} Standard for Floating-Point Arithmetic}, 
year={2008}, 
pages={1-70}, 
doi={10.1109/IEEESTD.2008.4610935}, 
month={Aug},}

@article{Goldberg91whatevery,
 author = {Goldberg, David},
 title = {What Every Computer Scientist Should Know About Floating-point Arithmetic},
 journal = {ACM Comput. Surv.},
 issue_date = {March 1991},
 volume = {23},
 number = {1},
 month = mar,
 year = {1991},
 issn = {0360-0300},
 pages = {5--48},
 numpages = {44},
 doi = {10.1145/103162.103163},
 acmid = {103163},
 publisher = {ACM},
 address = {New York, NY, USA}
} 

@misc{pips:2013,
  title = {{PIPS}: Automatic Parallelizer and Code Transformation Framework},
  howpublished = {\url{https://pips4u.org/}},
  note = {Accessed 21 February 2016}
}

@article{Henry:2012,
 author = {Henry, Julien and Monniaux, David and Moy, Matthieu},
 title = {{PAGAI}: A Path Sensitive Static Analyser},
 journal = {Electron. Notes Theor. Comput. Sci.},
 issue_date = {December, 2012},
 volume = {289},
 month = dec,
 year = {2012},
 issn = {1571-0661},
 pages = {15--25},
 numpages = {11},
 doi = {10.1016/j.entcs.2012.11.003},
 acmid = {2406296},
 publisher = {Elsevier Science Publishers B. V.},
 address = {Amsterdam, The Netherlands, The Netherlands}
 }

@Inbook{Beyer15,
author="Beyer, Dirk
and Dangl, Matthias
and Wendler, Philipp",
editor="Kroening, Daniel
and P{\u{a}}s{\u{a}}reanu, Corina S.",
title="Boosting k-Induction with Continuously-Refined Invariants",
bookTitle="Computer Aided Verification",
year="2015",
publisher="Springer International Publishing",
address="Cham",
pages="622--640",
isbn="978-3-319-21690-4",
doi="10.1007/978-3-319-21690-4_42"
}


@Article{Gadelha15,
author="Gadelha, Mikhail Y. R.
and Ismail, Hussama I.
and Cordeiro, Lucas C.",
title="Handling loops in bounded model checking of C programs via k-induction",
journal="International Journal on Software Tools for Technology Transfer",
year="2017",
month="Feb",
day="01",
volume="19",
number="1",
pages="97--114",
issn="1433-2787",
doi="10.1007/s10009-015-0407-9",
}

@Inbook{Brain15,
author="Brain, Martin
and Joshi, Saurabh
and Kroening, Daniel
and Schrammel, Peter",
editor="Blazy, Sandrine
and Jensen, Thomas",
title="Safety Verification and Refutation by k-Invariants and k-Induction",
bookTitle="22nd International Symposium on Static Analysis",
year="2015",
publisher="Springer Berlin Heidelberg",
address="Berlin, Heidelberg",
pages="145--161",
isbn="978-3-662-48288-9",
doi="10.1007/978-3-662-48288-9_9",
}

@Inbook{Kinductor,
author="Donaldson, Alastair F.
and Haller, Leopold
and Kroening, Daniel
and R{\"u}mmer, Philipp",
editor="Yahav, Eran",
title="Software Verification Using k-Induction",
bookTitle="18th International Symposium on Static Analysis",
year="2011",
publisher="Springer Berlin Heidelberg",
address="Berlin, Heidelberg",
pages="351--368",
isbn="978-3-642-23702-7",
doi="10.1007/978-3-642-23702-7_26",
}

@inproceedings{Rocha17,
  author    = {Williame Rocha and
               Herbert Rocha and
               Hussama Ismail and
               Lucas C. Cordeiro and
               Bernd Fischer},
  title     = {DepthK: {A} k-Induction Verifier Based on Invariant Inference for
               {C} Programs - (Competition Contribution)},
  booktitle = {Tools and Algorithms for the Construction and Analysis of Systems
               - 23rd International Conference, {TACAS} 2017, Held as Part of the
               European Joint Conferences on Theory and Practice of Software, {ETAPS}
               2017, Uppsala, Sweden, April 22-29, 2017, Proceedings, Part {II}},
  pages     = {360--364},
  year      = {2017},
  series    = {LNCS},
  volume    = {10206},
  publisher = {Springer},
  doi       = {10.1007/978-3-662-54580-5_23}
}

@inproceedings{Donaldson10,
 author = {Donaldson, Alastair F. and Kroening, Daniel and Ruemmer, Philipp},
 title = {{SCRATCH}: A Tool for Automatic Analysis of {DMA} Races},
 booktitle = {16th ACM Symposium on Principles and Practice of Parallel Programming},
 series = {PPoPP '11},
 year = {2011},
 isbn = {978-1-4503-0119-0},
 location = {San Antonio, TX, USA},
 pages = {311--312},
 numpages = {2},
 doi = {10.1145/1941553.1941604},
 acmid = {1941604},
 publisher = {ACM},
 address = {New York, NY, USA},
 keywords = {cell be, dma, k-induction, model checking}
} 

@INPROCEEDINGS{GrosseLD09, 
author={D. Grosse and H. M. Le and R. Drechsler}, 
booktitle={10th International Workshop on Microprocessor Test and Verification}, 
title={Induction-Based Formal Verification of {SystemC TLM} Designs}, 
year={2009}, 
pages={101-106}, 
doi={10.1109/MTV.2009.16}, 
ISSN={1550-4093}, 
month={Dec},}

@inproceedings{David15,
 author = {David, Cristina and Kroening, Daniel and Lewis, Matt},
 title = {Using Program Synthesis for Program Analysis},
 booktitle = {20th International Conference on Logic for Programming, Artificial Intelligence, and Reasoning},
 series = {LPAR-20 2015},
 year = {2015},
 isbn = {978-3-662-48898-0},
 location = {Suva, Fiji},
 pages = {483--498},
 numpages = {16},
 doi = {10.1007/978-3-662-48899-7_34},
 acmid = {3089639},
 publisher = {Springer-Verlag New York, Inc.},
 address = {New York, NY, USA}
} 

@INPROCEEDINGS{Alur13, 
author={R. Alur and R. Bodik and G. Juniwal and M. M. K. Martin and M. Raghothaman and S. A.
Seshia and R. Singh and A. Solar-Lezama and E. Torlak and A. Udupa}, 
booktitle={Formal Methods in Computer-Aided Design}, 
title={Syntax-guided synthesis}, 
year={2013}, 
pages={1-8}, 
doi={doi:10.1109/FMCAD.2013.6679385}}

@Article{sketch,
author="Solar-Lezama, Armando",
title="Program sketching",
journal="International Journal on Software Tools for Technology Transfer",
year="2013",
month="Oct",
day="01",
volume="15",
number="5",
pages="475--495",
issn="1433-2787",
doi="10.1007/s10009-012-0249-7",
}

@inproceedings{Sharma14,
 author = {Sharma, Rahul and Aiken, Alex},
 title = {From Invariant Checking to Invariant Inference Using Randomized Search},
 booktitle = {Computer Aided Verification},
 year = {2014},
 isbn = {978-3-319-08866-2},
 pages = {88--105},
 numpages = {18},
 doi = {10.1007/978-3-319-08867-9_6},
 acmid = {2735057},
 publisher = {Springer-Verlag New York, Inc.},
 address = {New York, NY, USA}
} 

@INPROCEEDINGS{dsv_spin2015,
  author    = {Hussama Ismail and
  			   Iury Bessa
               Lucas Cordeiro and
               Eddie B. Lima Filho and
               Jo\~ao Edgar Chaves Filho},
  title     = {{DSV}erifier: A Bounded Model Checking Tool for Digital Systems},
  booktitle = {SPIN},
  address   = {Stellenbosch, South Africa},
  publisher = {Springer},
  pages     = {126--131},
  series    = {LNCS},
  volume    = {9232},
  year      = {2015}
}

@inproceedings{Monteiro16,
  author    = {Felipe R. Monteiro},
  title     = {Bounded model checking of state-space digital systems: the impact
               of finite word-length effects on the implementation of fixed-point
               digital controllers based on state-space modeling},
  booktitle = {{FSE}},
  address   = {Seattle, WA, USA},
  publisher = {{ACM}},
  pages     = {1151--1153},
  year      = {2016}
}

@ARTICLE{selfcar, 
author={P. Fairley}, 
journal={IEEE Spectrum}, 
title={Self-driving cars have a bicycle problem [News]}, 
year={2017}, 
volume={54}, 
number={3}, 
pages={12-13}, 
doi={10.1109/MSPEC.2017.7864743}, 
ISSN={0018-9235}, 
month={March},}

@article{BMCml,
 author = {Bortolussi, Luca and Milios, Dimitrios and Sanguinetti, Guido},
 title = {Smoothed Model Checking for Uncertain Continuous-Time Markov Chains},
 journal = {Information and Computation},
 issue_date = {April 2016},
 volume = {247},
 number = {C},
 month = apr,
 year = {2016},
 issn = {0890-5401},
 pages = {235--253},
 numpages = {19},
 doi = {10.1016/j.ic.2016.01.004},
 acmid = {2899674},
 publisher = {Academic Press, Inc.},
 address = {Duluth, MN, USA},
}

@article{Behrend15,
 author = {Behrend, J\"{o}rg and Lettnin, Djones and Gr\"{u}nhage, Alexander and Ruf, J\"{u}rgen and Kropf, Thomas and Rosenstiel, Wolfgang},
 title = {Scalable and Optimized Hybrid Verification of Embedded Software},
 journal = {J. Electron. Test.},
 issue_date = {April     2015},
 volume = {31},
 number = {2},
 month = apr,
 year = {2015},
 issn = {0923-8174},
 pages = {151--166},
 numpages = {16},
 doi = {10.1007/s10836-015-5518-4},
 acmid = {2767290},
 publisher = {Kluwer Academic Publishers},
 address = {Norwell, MA, USA}
} 

@INPROCEEDINGS{Lettnin09, 
author={D. Lettnin and P. K. Nalla and J. Behrend and J. Ruf and J. Gerlach and T. Kropf and W. Rosenstiel and V. Schonknecht and S. Reitemeyer}, 
booktitle={Design, Automation Test in Europe Conference Exhibition}, 
title={Semiformal verification of temporal properties in automotive hardware dependent software}, 
year={2009}, 
pages={1214-1217}, 
doi={10.1109/DATE.2009.5090847}, 
ISSN={1530-1591}, 
month={April}}

@Article{Adouane16,
author="Vilca, Jos{\'e} and Adouane, Lounis and Mezouar, Youcef",
title="Optimal Multi-Criteria Waypoint Selection for Autonomous Vehicle Navigation in Structured Environment",
journal="Journal of Intelligent {\&} Robotic Systems",
year="2016",
month="May",
day="01",
volume="82",
number="2",
pages="301--324",
issn="1573-0409",
doi="10.1007/s10846-015-0223-1",
}

@inproceedings{ECBS13,
 author = {Ramalho, Mikhail and Freitas, Mauro and Sousa, Felipe and Marques, Hendrio and Cordeiro, Lucas and Fischer, Bernd},
 title = {{SMT}-Based Bounded Model Checking of C++ Programs},
 booktitle = {20th International Conference and Workshops on the Engineering of Computer Based Systems},
 series = {ECBS '13},
 year = {2013},
 isbn = {978-0-7695-4991-0},
 pages = {147--156},
 numpages = {10},
 doi = {10.1109/ECBS.2013.15},
 acmid = {2510590},
 publisher = {IEEE Computer Society},
 address = {Washington, DC, USA}
} 

@article {Pereira17,
author = {Pereira, Phillipe and Albuquerque, Higo and da Silva, Isabela and Marques, Hendrio and Monteiro, Felipe and Ferreira, Ricardo and Cordeiro, Lucas},
title = {SMT-based context-bounded model checking for CUDA programs},
journal = {Concurrency and Computation: Practice and Experience},
issn = {1532-0634},
doi = {10.1002/cpe.3934},
keywords = {model checking, GPU, CUDA programs, formal verification},
year = {2016},
note = {cpe.3934},
}

@inproceedings{Sousa15,
  title={{Bounded Model Checking of C++ Programs Based on the Qt Framework}},
  author={Monteiro, F. R. and Cordeiro, L. C. and de Lima Filho, E. B.},
  booktitle = {Global Conference on Consumer Electronics},
  publisher = {IEEE},
  pages     = { 179--180},
  year={2015}
}

@incollection{BeyerSVCOMP15,
year={2015},
isbn={978-3-662-46680-3},
booktitle={Tools and Algorithms for the Construction and Analysis of Systems},
volume={9035},
series={LNCS},
editor={},
doi={10.1007/978-3-662-46681-0_31},
title={Software Verification and Verifiable Witnesses},
publisher={Springer Berlin Heidelberg},
author={Beyer, Dirk},
pages={401-416},
language={English}
}

@incollection{Beyer14,
year={2014},
isbn={978-3-642-54861-1},
booktitle={Tools and Algorithms for the Construction and Analysis of Systems},
volume={8413},
series={LNCS},
editor={},
doi={10.1007/978-3-642-54862-8_25},
title={Status Report on Software Verification},
publisher={Springer Berlin Heidelberg},
author={Beyer, Dirk},
pages={373-388},
language={English}
}

@Inbook{KahlonWG09,
author="Kahlon, Vineet
and Wang, Chao
and Gupta, Aarti",
editor="Bouajjani, Ahmed
and Maler, Oded",
title="Monotonic Partial Order Reduction: An Optimal Symbolic Partial Order Reduction Technique",
bookTitle="Computer Aided Verification",
year="2009",
publisher="Springer Berlin Heidelberg",
address="Berlin, Heidelberg",
pages="398--413",
isbn="978-3-642-02658-4",
doi="10.1007/978-3-642-02658-4_31"
}

@phdthesis{morse15,
  author       = {Jeremy Morse}, 
  title        = {Expressive and Efficient Bounded Model Checking of Concurrent Software},
  school       = {University of Southampton},
  year         = 2015
}

@inproceedings{Inverso14,
 author = {Inverso, Omar and Tomasco, Ermenegildo and Fischer, Bernd and La Torre, Salvatore and Parlato, Gennaro},
 title = {Bounded Model Checking of Multi-threaded C Programs via Lazy Sequentialization},
 booktitle = {Computer Aided Verification},
 year = {2014},
 isbn = {978-3-319-08866-2},
 pages = {585--602},
 numpages = {18},
 doi = {10.1007/978-3-319-08867-9_39},
 acmid = {2735100},
 publisher = {Springer-Verlag New York, Inc.},
 address = {New York, NY, USA}
}

@inproceedings{civl15,
  author    = {Manchun Zheng and
               Michael S. Rogers and
               Ziqing Luo and
               Matthew B. Dwyer and
               Stephen F. Siegel},
  title     = {{CIVL:} Formal Verification of Parallel Programs},
  booktitle = {30th {IEEE/ACM} International Conference on Automated Software Engineering,
               {ASE} 2015, Lincoln, NE, USA, November 9-13, 2015},
  pages     = {830--835},
  year      = {2015},
  publisher = {{IEEE} Computer Society},
  address   = {{IEEE/ACM}},
  url       = {https://doi.org/10.1109/ASE.2015.99},
  doi       = {10.1109/ASE.2015.99}
}

@inproceedings{Grumberg05,
 author = {Grumberg, Orna and Lerda, Flavio and Strichman, Ofer and Theobald, Michael},
 title = {Proof-guided Underapproximation-widening for Multi-process Systems},
 booktitle = {32nd Symposium on Principles of Programming Languages},
 series = {POPL '05},
 year = {2005},
 isbn = {1-58113-830-X},
 location = {Long Beach, California, USA},
 pages = {122--131},
 numpages = {10},
 doi = {10.1145/1040305.1040316},
 acmid = {1040316},
 publisher = {ACM},
 address = {New York, NY, USA}
}

@inproceedings{McMillan11,
 author = {McMillan, Kenneth L.},
 title = {Widening and Interpolation},
 booktitle = {18th International Symposium on Static Analysis},
 series = {SAS'11},
 year = {2011},
 isbn = {978-3-642-23701-0},
 location = {Venice, Italy},
 pages = {1--1},
 numpages = {1},
 acmid = {2041553},
 publisher = {Springer-Verlag},
 address = {Berlin, Heidelberg}
} 

@inproceedings{esbmc_controller,
author={I. Bessa and R. Abreu and J. E. Filho and L. Cordeiro}, 
booktitle={IECON 2014 - 40th Annual Conference of the IEEE Industrial Electronics Society}, 
title={SMT-based bounded model checking of fixed-point digital controllers}, 
year={2014}, 
pages={295-301}, 
doi={10.1109/IECON.2014.7048514}, 
ISSN={1553-572X}, 
month={Oct},}

@inproceedings{esbmc_filter,
  author    = {Renato B. Abreu and
               Lucas C. Cordeiro and
               Eddie B. L. Filho},
  title     = {{Verifying Fixed-Point Digital Filters using SMT-Based Bounded
               Model Checking}},
  booktitle = {SBrT},
  year      = {2013},
}

@article{JMorse15,
 author = {Morse, Jeremy and Cordeiro, Lucas and Nicole, Denis and Fischer, Bernd},
 title = {Model Checking LTL Properties over ANSI-C Programs with Bounded Traces},
 journal = {Softw. Syst. Model.},
 issue_date = {February  2015},
 volume = {14},
 number = {1},
 month = feb,
 year = {2015},
 issn = {1619-1366},
 pages = {65--81},
 numpages = {17},
 doi = {10.1007/s10270-013-0366-0},
 acmid = {2733596},
 publisher = {Springer-Verlag New York, Inc.},
 address = {Secaucus, NJ, USA}
} 

@ARTICLE{Bessa16,
author={Bessa, I.V. and Ismail, H.I. and Cordeiro, L.C. and Filho, J.E.C.},
title={Verification of fixed-point digital controllers using direct and delta forms realizations},
journal={Design Autom. for Emb. Sys.},
year={2016},
pages={95-126},
volume    = {20},
number    = {2}
}

@techreport{Chaves17,
  title={DSValidator: An Automated Counterexample Reproducibility Tool for Digital Systems},
  author={Chaves, L. and Bessa, I. and Cordeiro, L.},
  year={2016},
  institution={arXiv Document}
}

@inproceedings{sbrtdaniel,
  author    = {Mello, D. P. M. and Freitas, M. L. and Cordeiro, L. and Silva J\'unior, W. S. and Bessa, I. V. and Lima Filho, E. B and Clavier, L.},
  title     = {Verification of Magnitude and Phase Responses in Fixed-Point Digital Filters},
  booktitle = {Brazilian Symposium on Telecommunications and Signal Processing (to appear)},
  year      = {2017},
  pages     = {1-5},
}

@INPROCEEDINGS{Alves15, 
author={E. H. d. S. Alves and L. C. Cordeiro and E. B. d. L. Filho}, 
booktitle={Brazilian Symposium on Computing Systems Engineering}, 
title={Fault Localization in Multi-threaded C Programs Using Bounded Model Checking}, 
year={2015}, 
pages={96-101}, 
doi={10.1109/SBESC.2015.25}, 
month={Nov},}

@Inbook{Garcia16,
author="Garcia, M{\'a}rio
and Monteiro, Felipe
and Cordeiro, Lucas
and de Lima Filho, Eddie",
editor="Bo{\v{s}}na{\v{c}}ki, Dragan
and Wijs, Anton",
title="ESBMC{$ ^{QtOM}$}: A Bounded Model Checking Tool to Verify Qt Applications",
bookTitle=": 23rd International Symposium on Model Checking Software (SPIN)",
year="2016",
publisher="Springer International Publishing",
address="Cham",
pages="97--103",
isbn="978-3-319-32582-8",
doi="10.1007/978-3-319-32582-8_6",
}

@book{Lopes:2014:GSL:2692607,
 author = {Lopes, Bruno Cardoso and Auler, Rafael},
 title = {Getting Started with LLVM Core Libraries},
 year = {2014},
 isbn = {1782166920, 9781782166924},
 publisher = {Packt Publishing}
} 

@misc{clang-usage,
  title = {Why {A}pple's swift language will instantly remake computer programming},
  howpublished = {\url{http://www.wired.com/2014/07/apple-swift/}},
  note = {Accessed 21 February 2016}
}

@inproceedings{Jackson16,
 author = {Jackson, Daniel and Vaziri, Mandana},
 title = {Correct or Usable? The Limits of Traditional Verification (Impact Paper Award)},
 booktitle = {24th {ACM SIGSOFT} International Symposium on Foundations of Software Engineering},
 series = {FSE 2016},
 year = {2016},
 isbn = {978-1-4503-4218-6},
 location = {Seattle, WA, USA},
 pages = {11--11},
 numpages = {1},
 doi = {10.1145/2950290.2994161},
 acmid = {2994161},
 publisher = {ACM},
 address = {New York, NY, USA}
} 

@inproceedings{MorseCNF13,
  author    = {Jeremy Morse and
               Lucas Cordeiro and
               Denis Nicole and
               Bernd Fischer},
  title     = {{Handling Unbounded Loops with ESBMC 1.20 - (Competition
               Contribution)}},
  booktitle = {Tools and Algorithms for the Construction and Analysis of Systems},
  series    = {LNCS},
  year      = {2013},
  pages     = {619-622},
  doi       = {10.1007/978-3-642-36742-7_47},
}

@inproceedings{MorseRCN014,
  author    = {Jeremy Morse and
               Mikhail Ramalho and
               Lucas C. Cordeiro and
               Denis Nicole and
               Bernd Fischer},
  title     = {{ESBMC} 1.22 - (Competition Contribution)},
  booktitle = {Tools and Algorithms for the Construction and Analysis of Systems},
  series    = {LNCS},
  volume    = {8413},
  pages     = {405--407},
  year      = {2014},
  doi       = {10.1007/978-3-642-54862-8_31}
}

@inproceedings{Haran15,
 author = {Haran, Arvind and Carter, Montgomery and Emmi, Michael and Lal, Akash and Qadeer, Shaz and Rakamari\'{c}, Zvonimir},
 title = {{SMACK+Corral}: A Modular Verifier},
 booktitle = {Tools and Algorithms for the Construction and Analysis of Systems},
 year = {2015},
 isbn = {978-3-662-46680-3},
 pages = {451--454},
 numpages = {4},
 doi = {10.1007/978-3-662-46681-0_42},
 acmid = {2945637},
 publisher = {Springer-Verlag New York, Inc.},
 address = {New York, NY, USA}
} 

@ARTICLE{Beyer16,
author={Beyer, Dirk},
title={Reliable and Reproducible Competition Results with BenchExec and Witnesses (Report on {SV-COMP} 2016)},
bookTitle={Tools and Algorithms for the Construction and Analysis of Systems},
series    = {LNCS},
volume    = {9636},
year={2016},
journal={LNCS},
pages={887--904}
}

@inproceedings{BeyerW15,
 author = {Beyer, Dirk and Dangl, Matthias and Dietsch, Daniel and Heizmann, Matthias and Stahlbauer, Andreas},
 title = {Witness Validation and Stepwise Testification Across Software Verifiers},
 booktitle = {{ESEC/SIGSOFT} Foundations of Software Engineering},
 series = {ESEC/FSE 2015},
 year = {2015},
 isbn = {978-1-4503-3675-8},
 location = {Bergamo, Italy},
 pages = {721--733},
 numpages = {13},
 doi = {10.1145/2786805.2786867},
 acmid = {2786867},
 publisher = {ACM},
 address = {New York, NY, USA}
} 

@inproceedings{RochaIFM12,
 author = {Rocha, Herbert and Barreto, Raimundo and Cordeiro, Lucas and Neto, Arilo Dias},
 title = {Understanding Programming Bugs in ANSI-C Software Using Bounded Model Checking Counter-examples},
 booktitle = {9th International Conference on Integrated Formal Methods},
 series = {IFM'12},
 year = {2012},
 isbn = {978-3-642-30728-7},
 location = {Pisa, Italy},
 pages = {128--142},
 numpages = {15},
 doi = {10.1007/978-3-642-30729-4_10},
 acmid = {2367846},
 publisher = {Springer-Verlag},
 address = {Berlin, Heidelberg}
} 


@inproceedings{antennasbrt,
  author    = {Jesus, A. S. and Rodrigues, R. N. and Ferreira, A. N. G. and Melo, W. C. and Lima Filho, E. B and Silva J\'unior, W. S.},
  title     = {Automatic Antenna Alignment System for Satellite Receivers Operating in C and Ku Bands},
  booktitle = {Brazilian Symposium on Telecommunications and Signal Processing (to appear, in Portuguese)},
  year      = {2017},
  pages     = {1-5},
}

@INPROCEEDINGS{amoedo, 
author={D. A. Amoedo and W. S. da Silva J√∫nior and E. B. de Lima Filho}, 
booktitle={International Telecommunications Symposium}, 
title={Parameter selection for {SVM} in automatic modulation classification of analog and digital signals}, 
year={2014}, 
pages={1-5}, 
doi={10.1109/ITS.2014.6948032}, 
month={Aug}}

@techreport{mlswverif,
  author       = {L. Hamel}, 
  title        = {On the Use of Machine Learning in Formal Software Verification},
  institution  = {Dept. of Computer Science and Statistics, University of Rhode Island},
  year         = 2003,
  note         = {Technical Report TR03-294}
}

@mastersthesis{nguyen,
  author       = {Phuc, Nguyen Vinh}, 
  title        = {The Application of Machine Learning Methods in Software Verification and Validation},
  school       = {University of Texas at Austin},
  year         = 2010,
}

@Article{bridge,
author="Bridge, James P.
and Holden, Sean B.
and Paulson, Lawrence C.",
title="Machine Learning for First-Order Theorem Proving",
journal="Journal of Automated Reasoning",
year="2014",
month="Aug",
day="01",
volume="53",
number="2",
pages="141--172",
issn="1573-0670",
doi="10.1007/s10817-014-9301-5",
}

@inproceedings{babic07,
 author = {Hutter, Frank and Babic, Domagoj and Hoos, Holger H. and Hu, Alan J.},
 title = {Boosting Verification by Automatic Tuning of Decision Procedures},
 booktitle = {Formal Methods in Computer Aided Design},
 series = {FMCAD '07},
 year = {2007},
 isbn = {0-7695-3023-0},
 pages = {27--34},
 numpages = {8},
 doi = {10.1109/FMCAD.2007.13},
 acmid = {1334161},
 publisher = {IEEE Computer Society},
 address = {Washington, DC, USA}
} 


@misc{spectrum2013,
  author = {Robert W. Lucky},
  title = {{Antifragile Systems}},
  year = 2013,
  howpublished = {https://spectrum.ieee.org/telecom/ wireless/antifragile-systems},
  urldate = {26 Feb 2013, 18:32 GMT},
  note = {(accessed 13 December 2017)}
}

@inproceedings{antifragile,
 author = {De Florio, V.},
 title = {Antifragility = Elasticity + Resilience + Machine Learning},
 booktitle = {Proceedings of the 1st International Workshop ‚ÄúFrom Dependable to Resilient, from Resilient to Antifragile Ambients and Systems‚Äù},
 series = {Procedia Computer Science},
 year = {2014},
 pages = {834--841},
 numpages = {7},
 doi = { 10.1016/j.procs.2014.05.499},
 publisher = {Elsevier},
}